% Encoding: UTF-8

@Online{IBM,
  author  = {IBM},
  title   = {What is a REST API?},
  url     = {https://www.ibm.com/topics/rest-apis},
  urldate = {2023-12-02},
}

@Online{IBMa,
  author  = {IBM},
  title   = {What is an API?},
  url     = {https://www.ibm.com/topics/api},
  urldate = {2023-12-02},
}

@Online{Swift,
  author  = {Swift},
  title   = {Swift},
  url     = {https://developer.apple.com/swift/},
  urldate = {2024-03-04},
}

@Online{Weninger2020,
  author  = {Travis Weninger},
  date    = {2020-12-03},
  title   = {Code Review: Swift},
  url     = {https://travisweninger.medium.com/code-review-swift-29281c0c96de},
  urldate = {2024-03-04},
}

@Online{Abramczyk2023,
  author = {Robert Abramczyk},
  date   = {2023-10-19},
  title  = {Server-side Swift Frameworks Comparison},
  url    = {https://www.netguru.com/blog/server-side-swift-frameworks-comparison},
}

@Online{2022,
  date    = {2022-04-20},
  title   = {Swift on Server},
  url     = {https://www.swift.org/documentation/server/},
  urldate = {2024-03-11},
}

@Online{Pant2023,
  author = {Karun Pant},
  date   = {2023-02-11},
  title  = {Swift server side: Vapor Style},
  url    = {https://medium.com/@Karunpant/swift-server-side-vapor-style-98f4db8ab3e6},
}

@Online{2024,
  date    = {2024-03-18},
  title   = {Hummingbird},
  url     = {https://swiftpackageindex.com/hummingbird-project/hummingbird},
  urldate = {2024-03-18},
}

@Online{Senthilkumar2023,
  author = {Senthilkumar, Srilekha},
  date   = {2023-06-13},
  title  = {Key Principles and Best Practices for Effective Backend Development},
  url    = {https://www.linkedin.com/pulse/key-principles-best-practices-effective-backend-srilekha-senthilkumar/},
}

@Online{Simone2024,
  author = {Sergio De Simone},
  date   = {2024-02-25},
  title  = {Swift OpenAPI Generator Reaches 1.0},
  url    = {https://www.infoq.com/news/2024/02/swift-openapi-generator-1-0/},
}

@Online{2024a,
  date  = {2024-02-13},
  title = {Working with Swift OpenAPI Generator},
  url   = {https://swiftpackageindex.com/apple/swift-openapi-generator/1.2.1/tutorials/swift-openapi-generator},
}

@Comment{jabref-meta: databaseType:biblatex;}
