% Encoding: UTF-8

@Online{Dvorsky2023,
  author       = {Honza Dvorsky and Si Beaumont},
  date         = {2023-06-12},
  title        = {Introducing Swift OpenAPI Generator},
  url          = {swift.org/blog/introducing-swift-openapi-generator/},
  journaltitle = {Swift.org},
}

@Online{Miller2020,
  author  = {Darrel Miller and Jeremy Whitlock and Marsh Gardiner and Mike Ralphson and Ron Ratovsky and Uri Sarid},
  date    = {2020-02-20},
  title   = {OpenAPI Specification v3.0.3},
  url     = {spec.openapis.org/oas/v3.0.3#openapi-specification},
  urldate = {2023-11-02},
}

@Online{2023,
  date         = {2023-08-10},
  title        = {What is OpenAPI?},
  url          = {https://blog.postman.com/what-is-openapi/},
  urldate      = {2023-12-02},
  journaltitle = {Postman},
}

@Online{Pinkham2017,
  author  = {Ryan Pinkham},
  date    = {2017-10-26},
  title   = {What Is the Difference Between Swagger and OpenAPI?},
  url     = {https://swagger.io/blog/api-strategy/difference-between-swagger-and-openapi/},
  urldate = {2023-11-01},
}

@Online{2020,
  date    = {2020-05-08},
  title   = {Wat is een REST-API?},
  url     = {https://www.redhat.com/en/topics/api/what-is-a-rest-api},
  urldate = {2023-12-02},
}

@Online{Pant2023,
  author  = {Karun Pant},
  date    = {2023-02-11},
  title   = {Swift server side: Vapor Style},
  url     = {https://medium.com/@Karunpant/swift-server-side-vapor-style-98f4db8ab3e6#:~:text=Since Vapor has a very,new features to this service.},
  urldate = {2023-12-16},
}

@Online{Nelson,
  author  = {Tanner Nelson and Logan Wright and the hundreds of members of Vapor.},
  title   = {Vapor Docs},
  url     = {https://docs.vapor.codes/},
  urldate = {2023-12-16},
}

@Comment{jabref-meta: databaseType:biblatex;}
